%YAML 1.1
%TAG !u! tag:unity3d.com,2011:
--- !u!1 &46812072
GameObject:
  m_ObjectHideFlags: 0
  m_CorrespondingSourceObject: {fileID: 0}
  m_PrefabInstance: {fileID: 0}
  m_PrefabAsset: {fileID: 0}
  serializedVersion: 6
  m_Component:
  - component: {fileID: 46812073}
  - component: {fileID: 46812074}
  m_Layer: 9
  m_Name: CollRope1
  m_TagString: Untagged
  m_Icon: {fileID: 0}
  m_NavMeshLayer: 0
  m_StaticEditorFlags: 0
  m_IsActive: 1
--- !u!4 &46812073
Transform:
  m_ObjectHideFlags: 0
  m_CorrespondingSourceObject: {fileID: 0}
  m_PrefabInstance: {fileID: 0}
  m_PrefabAsset: {fileID: 0}
  m_GameObject: {fileID: 46812072}
  m_LocalRotation: {x: 4.6566118e-10, y: -0, z: 0.10752291, w: 0.9942026}
  m_LocalPosition: {x: 23.176218, y: 1.0498432, z: -0.6300369}
  m_LocalScale: {x: 1, y: 1, z: 1}
  m_Children: []
  m_Father: {fileID: 1591404896}
  m_RootOrder: 0
  m_LocalEulerAnglesHint: {x: 0, y: 0, z: 12.345}
--- !u!65 &46812074
BoxCollider:
  m_ObjectHideFlags: 0
  m_CorrespondingSourceObject: {fileID: 0}
  m_PrefabInstance: {fileID: 0}
  m_PrefabAsset: {fileID: 0}
  m_GameObject: {fileID: 46812072}
  m_Material: {fileID: 0}
  m_IsTrigger: 0
  m_Enabled: 1
  serializedVersion: 2
  m_Size: {x: 2.367653, y: 0.07514175, z: 0.056721948}
  m_Center: {x: -1.2231827, y: -0.13110337, z: -0.048970412}
--- !u!1 &900074265
GameObject:
  m_ObjectHideFlags: 0
  m_CorrespondingSourceObject: {fileID: 0}
  m_PrefabInstance: {fileID: 0}
  m_PrefabAsset: {fileID: 0}
  serializedVersion: 6
  m_Component:
  - component: {fileID: 900074266}
  - component: {fileID: 900074267}
  m_Layer: 9
  m_Name: CollRope4
  m_TagString: Untagged
  m_Icon: {fileID: 0}
  m_NavMeshLayer: 0
  m_StaticEditorFlags: 0
  m_IsActive: 1
--- !u!4 &900074266
Transform:
  m_ObjectHideFlags: 0
  m_CorrespondingSourceObject: {fileID: 0}
  m_PrefabInstance: {fileID: 0}
  m_PrefabAsset: {fileID: 0}
  m_GameObject: {fileID: 900074265}
  m_LocalRotation: {x: -6.9849176e-10, y: -0, z: -0.107949704, w: 0.99415636}
  m_LocalPosition: {x: 31.356, y: 0.477, z: 0.744}
  m_LocalScale: {x: 1.0690595, y: 1.0690516, z: 1}
  m_Children: []
  m_Father: {fileID: 1591404896}
  m_RootOrder: 3
  m_LocalEulerAnglesHint: {x: 0, y: 0, z: -12.394001}
--- !u!65 &900074267
BoxCollider:
  m_ObjectHideFlags: 0
  m_CorrespondingSourceObject: {fileID: 0}
  m_PrefabInstance: {fileID: 0}
  m_PrefabAsset: {fileID: 0}
  m_GameObject: {fileID: 900074265}
  m_Material: {fileID: 0}
  m_IsTrigger: 0
  m_Enabled: 1
  serializedVersion: 2
  m_Size: {x: 2.206742, y: 0.07514175, z: 0.056721896}
  m_Center: {x: -1.3063794, y: -0.108939685, z: -0.048969995}
--- !u!1 &1551394133
GameObject:
  m_ObjectHideFlags: 0
  m_CorrespondingSourceObject: {fileID: 0}
  m_PrefabInstance: {fileID: 0}
  m_PrefabAsset: {fileID: 0}
  serializedVersion: 6
  m_Component:
  - component: {fileID: 1551394134}
  - component: {fileID: 1551394135}
  m_Layer: 9
  m_Name: CollRope2
  m_TagString: Untagged
  m_Icon: {fileID: 0}
  m_NavMeshLayer: 0
  m_StaticEditorFlags: 0
  m_IsActive: 1
--- !u!4 &1551394134
Transform:
  m_ObjectHideFlags: 0
  m_CorrespondingSourceObject: {fileID: 0}
  m_PrefabInstance: {fileID: 0}
  m_PrefabAsset: {fileID: 0}
  m_GameObject: {fileID: 1551394133}
  m_LocalRotation: {x: 4.6566118e-10, y: -0, z: 0.10752291, w: 0.9942026}
  m_LocalPosition: {x: 23.176, y: 1.0498432, z: 0.734}
  m_LocalScale: {x: 1.0338261, y: 1.0338216, z: 1}
  m_Children: []
  m_Father: {fileID: 1591404896}
  m_RootOrder: 1
  m_LocalEulerAnglesHint: {x: 0, y: 0, z: 12.345}
--- !u!65 &1551394135
BoxCollider:
  m_ObjectHideFlags: 0
  m_CorrespondingSourceObject: {fileID: 0}
  m_PrefabInstance: {fileID: 0}
  m_PrefabAsset: {fileID: 0}
  m_GameObject: {fileID: 1551394133}
  m_Material: {fileID: 0}
  m_IsTrigger: 0
  m_Enabled: 1
  serializedVersion: 2
  m_Size: {x: 2.367653, y: 0.07514175, z: 0.056721948}
  m_Center: {x: -1.2231827, y: -0.13110337, z: -0.048970412}
--- !u!1 &1591404895
GameObject:
  m_ObjectHideFlags: 0
  m_CorrespondingSourceObject: {fileID: 0}
  m_PrefabInstance: {fileID: 0}
  m_PrefabAsset: {fileID: 0}
  serializedVersion: 6
  m_Component:
  - component: {fileID: 1591404896}
  m_Layer: 9
  m_Name: CollidersCuerdas
  m_TagString: Untagged
  m_Icon: {fileID: 0}
  m_NavMeshLayer: 0
  m_StaticEditorFlags: 0
  m_IsActive: 1
--- !u!4 &1591404896
Transform:
  m_ObjectHideFlags: 0
  m_CorrespondingSourceObject: {fileID: 0}
  m_PrefabInstance: {fileID: 0}
  m_PrefabAsset: {fileID: 0}
  m_GameObject: {fileID: 1591404895}
  m_LocalRotation: {x: 0, y: 0, z: 0, w: 1}
  m_LocalPosition: {x: 0, y: 0, z: 0}
  m_LocalScale: {x: 1, y: 1, z: 1}
  m_Children:
  - {fileID: 46812073}
  - {fileID: 1551394134}
  - {fileID: 1958424908}
  - {fileID: 900074266}
  m_Father: {fileID: 7190919977733791290}
  m_RootOrder: 2
  m_LocalEulerAnglesHint: {x: 0, y: 0, z: 0}
--- !u!1 &1958424907
GameObject:
  m_ObjectHideFlags: 0
  m_CorrespondingSourceObject: {fileID: 0}
  m_PrefabInstance: {fileID: 0}
  m_PrefabAsset: {fileID: 0}
  serializedVersion: 6
  m_Component:
  - component: {fileID: 1958424908}
  - component: {fileID: 1958424909}
  m_Layer: 9
  m_Name: CollRope3
  m_TagString: Untagged
  m_Icon: {fileID: 0}
  m_NavMeshLayer: 0
  m_StaticEditorFlags: 0
  m_IsActive: 1
--- !u!4 &1958424908
Transform:
  m_ObjectHideFlags: 0
  m_CorrespondingSourceObject: {fileID: 0}
  m_PrefabInstance: {fileID: 0}
  m_PrefabAsset: {fileID: 0}
  m_GameObject: {fileID: 1958424907}
  m_LocalRotation: {x: -9.3132224e-10, y: 0.0000000018626445, z: -0.10794971, w: 0.99415636}
  m_LocalPosition: {x: 31.339, y: 0.486, z: -0.63}
  m_LocalScale: {x: 1.0338261, y: 1.0338216, z: 1}
  m_Children: []
  m_Father: {fileID: 1591404896}
  m_RootOrder: 2
  m_LocalEulerAnglesHint: {x: 0, y: 0, z: -12.394001}
--- !u!65 &1958424909
BoxCollider:
  m_ObjectHideFlags: 0
  m_CorrespondingSourceObject: {fileID: 0}
  m_PrefabInstance: {fileID: 0}
  m_PrefabAsset: {fileID: 0}
  m_GameObject: {fileID: 1958424907}
  m_Material: {fileID: 0}
  m_IsTrigger: 0
  m_Enabled: 1
  serializedVersion: 2
  m_Size: {x: 2.1636736, y: 0.07514171, z: 0.05672194}
  m_Center: {x: -1.3286481, y: -0.10300716, z: -0.048970245}
--- !u!1001 &4358414191709446042
PrefabInstance:
  m_ObjectHideFlags: 0
  serializedVersion: 2
  m_Modification:
    m_TransformParent: {fileID: 0}
    m_Modifications:
    - target: {fileID: 6897110010958549412, guid: db6b10526403c4741853dc8b501c00c6,
        type: 3}
      propertyPath: m_Size.x
      value: 6.023549
      objectReference: {fileID: 0}
    - target: {fileID: 6897110010958549412, guid: db6b10526403c4741853dc8b501c00c6,
        type: 3}
      propertyPath: m_Size.z
      value: 0.19531836
      objectReference: {fileID: 0}
    - target: {fileID: 6897110010958549412, guid: db6b10526403c4741853dc8b501c00c6,
        type: 3}
      propertyPath: m_Center.z
      value: 0.77223766
      objectReference: {fileID: 0}
    - target: {fileID: 6897110010958549412, guid: db6b10526403c4741853dc8b501c00c6,
        type: 3}
      propertyPath: m_Center.x
      value: 26.063839
      objectReference: {fileID: 0}
    - target: {fileID: 6897110010958549412, guid: db6b10526403c4741853dc8b501c00c6,
        type: 3}
      propertyPath: m_Size.y
      value: 1.4785262
      objectReference: {fileID: 0}
    - target: {fileID: 6897110010958549412, guid: db6b10526403c4741853dc8b501c00c6,
        type: 3}
      propertyPath: m_Center.y
      value: 0.23926336
      objectReference: {fileID: 0}
    - target: {fileID: 6897110010958549413, guid: db6b10526403c4741853dc8b501c00c6,
        type: 3}
      propertyPath: m_Size.x
      value: 5.9853783
      objectReference: {fileID: 0}
    - target: {fileID: 6897110010958549413, guid: db6b10526403c4741853dc8b501c00c6,
        type: 3}
      propertyPath: m_Size.z
      value: 0.24888557
      objectReference: {fileID: 0}
    - target: {fileID: 6897110010958549413, guid: db6b10526403c4741853dc8b501c00c6,
        type: 3}
      propertyPath: m_Center.x
      value: 26.042469
      objectReference: {fileID: 0}
    - target: {fileID: 6897110010958549413, guid: db6b10526403c4741853dc8b501c00c6,
        type: 3}
      propertyPath: m_Center.z
      value: -0.7321792
      objectReference: {fileID: 0}
    - target: {fileID: 6897110010958549419, guid: db6b10526403c4741853dc8b501c00c6,
        type: 3}
      propertyPath: m_Size.x
      value: 5.556518
      objectReference: {fileID: 0}
    - target: {fileID: 6897110010958549419, guid: db6b10526403c4741853dc8b501c00c6,
        type: 3}
      propertyPath: m_Size.z
      value: 1.6873671
      objectReference: {fileID: 0}
    - target: {fileID: 6897110010958549419, guid: db6b10526403c4741853dc8b501c00c6,
        type: 3}
      propertyPath: m_Center.x
      value: 26.131315
      objectReference: {fileID: 0}
    - target: {fileID: 6897110010958549419, guid: db6b10526403c4741853dc8b501c00c6,
        type: 3}
      propertyPath: m_Center.z
      value: 0.047617014
      objectReference: {fileID: 0}
    - target: {fileID: 6897110011995603360, guid: db6b10526403c4741853dc8b501c00c6,
        type: 3}
      propertyPath: m_LocalPosition.x
      value: 267.12708
      objectReference: {fileID: 0}
    - target: {fileID: 6897110011995603360, guid: db6b10526403c4741853dc8b501c00c6,
        type: 3}
      propertyPath: m_LocalPosition.y
      value: 4.63
      objectReference: {fileID: 0}
    - target: {fileID: 6897110011995603360, guid: db6b10526403c4741853dc8b501c00c6,
        type: 3}
      propertyPath: m_LocalPosition.z
      value: 116.71356
      objectReference: {fileID: 0}
    - target: {fileID: 6897110011995603360, guid: db6b10526403c4741853dc8b501c00c6,
        type: 3}
      propertyPath: m_LocalRotation.x
      value: -0
      objectReference: {fileID: 0}
    - target: {fileID: 6897110011995603360, guid: db6b10526403c4741853dc8b501c00c6,
        type: 3}
      propertyPath: m_LocalRotation.y
      value: 0.99984443
      objectReference: {fileID: 0}
    - target: {fileID: 6897110011995603360, guid: db6b10526403c4741853dc8b501c00c6,
        type: 3}
      propertyPath: m_LocalRotation.z
      value: -0
      objectReference: {fileID: 0}
    - target: {fileID: 6897110011995603360, guid: db6b10526403c4741853dc8b501c00c6,
        type: 3}
      propertyPath: m_LocalRotation.w
      value: 0.017643938
      objectReference: {fileID: 0}
    - target: {fileID: 6897110011995603360, guid: db6b10526403c4741853dc8b501c00c6,
        type: 3}
      propertyPath: m_RootOrder
      value: 0
      objectReference: {fileID: 0}
    - target: {fileID: 6897110011995603360, guid: db6b10526403c4741853dc8b501c00c6,
        type: 3}
      propertyPath: m_LocalEulerAnglesHint.x
      value: 0
      objectReference: {fileID: 0}
    - target: {fileID: 6897110011995603360, guid: db6b10526403c4741853dc8b501c00c6,
        type: 3}
      propertyPath: m_LocalEulerAnglesHint.y
      value: -2.022
      objectReference: {fileID: 0}
    - target: {fileID: 6897110011995603360, guid: db6b10526403c4741853dc8b501c00c6,
        type: 3}
      propertyPath: m_LocalEulerAnglesHint.z
      value: 0
      objectReference: {fileID: 0}
    - target: {fileID: 6897110011995603360, guid: db6b10526403c4741853dc8b501c00c6,
        type: 3}
      propertyPath: m_LocalScale.x
      value: 5.7711635
      objectReference: {fileID: 0}
    - target: {fileID: 6897110011995603360, guid: db6b10526403c4741853dc8b501c00c6,
        type: 3}
      propertyPath: m_LocalScale.z
      value: 3.3948421
      objectReference: {fileID: 0}
    - target: {fileID: 6897110011995905408, guid: db6b10526403c4741853dc8b501c00c6,
        type: 3}
      propertyPath: m_Name
      value: Old Bridge
      objectReference: {fileID: 0}
    m_RemovedComponents: []
  m_SourcePrefab: {fileID: 100100000, guid: db6b10526403c4741853dc8b501c00c6, type: 3}
--- !u!4 &7190919977733791290 stripped
Transform:
  m_CorrespondingSourceObject: {fileID: 6897110011995603360, guid: db6b10526403c4741853dc8b501c00c6,
    type: 3}
  m_PrefabInstance: {fileID: 4358414191709446042}
  m_PrefabAsset: {fileID: 0}
