%YAML 1.1
%TAG !u! tag:unity3d.com,2011:
--- !u!1 &92558733
GameObject:
  m_ObjectHideFlags: 0
  m_CorrespondingSourceObject: {fileID: 0}
  m_PrefabInstance: {fileID: 0}
  m_PrefabAsset: {fileID: 0}
  serializedVersion: 6
  m_Component:
  - component: {fileID: 92558734}
  - component: {fileID: 92558735}
  m_Layer: 0
  m_Name: GameObject (1)
  m_TagString: Untagged
  m_Icon: {fileID: 0}
  m_NavMeshLayer: 0
  m_StaticEditorFlags: 0
  m_IsActive: 1
--- !u!4 &92558734
Transform:
  m_ObjectHideFlags: 0
  m_CorrespondingSourceObject: {fileID: 0}
  m_PrefabInstance: {fileID: 0}
  m_PrefabAsset: {fileID: 0}
  m_GameObject: {fileID: 92558733}
  m_LocalRotation: {x: -0, y: -0.09058563, z: -0, w: 0.9958887}
  m_LocalPosition: {x: 2.948822, y: 0, z: 6.848854}
  m_LocalScale: {x: 1, y: 1, z: 1}
  m_Children: []
  m_Father: {fileID: 2856629303723365202}
  m_RootOrder: 5
  m_LocalEulerAnglesHint: {x: 0, y: -10.395, z: 0}
--- !u!65 &92558735
BoxCollider:
  m_ObjectHideFlags: 0
  m_CorrespondingSourceObject: {fileID: 0}
  m_PrefabInstance: {fileID: 0}
  m_PrefabAsset: {fileID: 0}
  m_GameObject: {fileID: 92558733}
  m_Material: {fileID: 0}
  m_IsTrigger: 0
  m_Enabled: 1
  serializedVersion: 2
  m_Size: {x: 1.7108878, y: 0.74073577, z: 1.3232459}
  m_Center: {x: -1.710868, y: -0.9156263, z: -3.3848743}
--- !u!1 &113839346
GameObject:
  m_ObjectHideFlags: 0
  m_CorrespondingSourceObject: {fileID: 0}
  m_PrefabInstance: {fileID: 0}
  m_PrefabAsset: {fileID: 0}
  serializedVersion: 6
  m_Component:
  - component: {fileID: 113839347}
  - component: {fileID: 113839348}
  m_Layer: 0
  m_Name: GameObject (2)
  m_TagString: Untagged
  m_Icon: {fileID: 0}
  m_NavMeshLayer: 0
  m_StaticEditorFlags: 0
  m_IsActive: 1
--- !u!4 &113839347
Transform:
  m_ObjectHideFlags: 0
  m_CorrespondingSourceObject: {fileID: 0}
  m_PrefabInstance: {fileID: 0}
  m_PrefabAsset: {fileID: 0}
  m_GameObject: {fileID: 113839346}
  m_LocalRotation: {x: -0, y: -0.09058563, z: -0, w: 0.9958887}
  m_LocalPosition: {x: 6.354, y: 0, z: 7.473}
  m_LocalScale: {x: 1, y: 1, z: 1}
  m_Children: []
  m_Father: {fileID: 2856629303723365202}
  m_RootOrder: 6
  m_LocalEulerAnglesHint: {x: 0, y: -10.395, z: 0}
--- !u!65 &113839348
BoxCollider:
  m_ObjectHideFlags: 0
  m_CorrespondingSourceObject: {fileID: 0}
  m_PrefabInstance: {fileID: 0}
  m_PrefabAsset: {fileID: 0}
  m_GameObject: {fileID: 113839346}
  m_Material: {fileID: 0}
  m_IsTrigger: 0
  m_Enabled: 1
  serializedVersion: 2
  m_Size: {x: 1.7108879, y: 1.8945302, z: 5.225428}
  m_Center: {x: -1.710885, y: -0.33870894, z: 1.3773454}
--- !u!1 &580133157
GameObject:
  m_ObjectHideFlags: 0
  m_CorrespondingSourceObject: {fileID: 0}
  m_PrefabInstance: {fileID: 0}
  m_PrefabAsset: {fileID: 0}
  serializedVersion: 6
  m_Component:
  - component: {fileID: 580133158}
  - component: {fileID: 580133159}
  m_Layer: 0
  m_Name: GameObject
  m_TagString: Untagged
  m_Icon: {fileID: 0}
  m_NavMeshLayer: 0
  m_StaticEditorFlags: 0
  m_IsActive: 1
--- !u!4 &580133158
Transform:
  m_ObjectHideFlags: 0
  m_CorrespondingSourceObject: {fileID: 0}
  m_PrefabInstance: {fileID: 0}
  m_PrefabAsset: {fileID: 0}
  m_GameObject: {fileID: 580133157}
  m_LocalRotation: {x: -0, y: -0.09058563, z: -0, w: 0.9958887}
  m_LocalPosition: {x: 2.948822, y: 0, z: 6.848854}
  m_LocalScale: {x: 1, y: 1, z: 1}
  m_Children: []
  m_Father: {fileID: 2856629303723365202}
  m_RootOrder: 4
  m_LocalEulerAnglesHint: {x: 0, y: -10.395, z: 0}
--- !u!65 &580133159
BoxCollider:
  m_ObjectHideFlags: 0
  m_CorrespondingSourceObject: {fileID: 0}
  m_PrefabInstance: {fileID: 0}
  m_PrefabAsset: {fileID: 0}
  m_GameObject: {fileID: 580133157}
  m_Material: {fileID: 0}
  m_IsTrigger: 0
  m_Enabled: 1
  serializedVersion: 2
  m_Size: {x: 5.6395717, y: 4.111428, z: 10.421517}
  m_Center: {x: -1.4412355, y: 0.7697103, z: 1.8718766}
--- !u!1001 &2856629303722969554
PrefabInstance:
  m_ObjectHideFlags: 0
  serializedVersion: 2
  m_Modification:
    m_TransformParent: {fileID: 0}
    m_Modifications:
    - target: {fileID: 100000, guid: dc03e3f7f245e5a4eb8f2edeaee4de0a, type: 3}
      propertyPath: m_Name
      value: Casarreglada
      objectReference: {fileID: 0}
    - target: {fileID: 400000, guid: dc03e3f7f245e5a4eb8f2edeaee4de0a, type: 3}
      propertyPath: m_LocalPosition.x
      value: 209.59674
      objectReference: {fileID: 0}
    - target: {fileID: 400000, guid: dc03e3f7f245e5a4eb8f2edeaee4de0a, type: 3}
      propertyPath: m_LocalPosition.y
      value: 1.2129178
      objectReference: {fileID: 0}
    - target: {fileID: 400000, guid: dc03e3f7f245e5a4eb8f2edeaee4de0a, type: 3}
      propertyPath: m_LocalPosition.z
      value: 42.95424
      objectReference: {fileID: 0}
    - target: {fileID: 400000, guid: dc03e3f7f245e5a4eb8f2edeaee4de0a, type: 3}
      propertyPath: m_LocalRotation.x
      value: 0
      objectReference: {fileID: 0}
    - target: {fileID: 400000, guid: dc03e3f7f245e5a4eb8f2edeaee4de0a, type: 3}
      propertyPath: m_LocalRotation.y
      value: 0
      objectReference: {fileID: 0}
    - target: {fileID: 400000, guid: dc03e3f7f245e5a4eb8f2edeaee4de0a, type: 3}
      propertyPath: m_LocalRotation.z
      value: 0
      objectReference: {fileID: 0}
    - target: {fileID: 400000, guid: dc03e3f7f245e5a4eb8f2edeaee4de0a, type: 3}
      propertyPath: m_LocalRotation.w
      value: 1
      objectReference: {fileID: 0}
    - target: {fileID: 400000, guid: dc03e3f7f245e5a4eb8f2edeaee4de0a, type: 3}
      propertyPath: m_RootOrder
      value: 0
      objectReference: {fileID: 0}
    - target: {fileID: 400000, guid: dc03e3f7f245e5a4eb8f2edeaee4de0a, type: 3}
      propertyPath: m_LocalEulerAnglesHint.x
      value: 0
      objectReference: {fileID: 0}
    - target: {fileID: 400000, guid: dc03e3f7f245e5a4eb8f2edeaee4de0a, type: 3}
      propertyPath: m_LocalEulerAnglesHint.y
      value: 0
      objectReference: {fileID: 0}
    - target: {fileID: 400000, guid: dc03e3f7f245e5a4eb8f2edeaee4de0a, type: 3}
      propertyPath: m_LocalEulerAnglesHint.z
      value: 0
      objectReference: {fileID: 0}
    m_RemovedComponents: []
  m_SourcePrefab: {fileID: 100100000, guid: dc03e3f7f245e5a4eb8f2edeaee4de0a, type: 3}
--- !u!4 &2856629303723365202 stripped
Transform:
  m_CorrespondingSourceObject: {fileID: 400000, guid: dc03e3f7f245e5a4eb8f2edeaee4de0a,
    type: 3}
  m_PrefabInstance: {fileID: 2856629303722969554}
  m_PrefabAsset: {fileID: 0}
