%YAML 1.1
%TAG !u! tag:unity3d.com,2011:
--- !u!1 &64547743
GameObject:
  m_ObjectHideFlags: 0
  m_CorrespondingSourceObject: {fileID: 0}
  m_PrefabInstance: {fileID: 0}
  m_PrefabAsset: {fileID: 0}
  serializedVersion: 6
  m_Component:
  - component: {fileID: 64547744}
  - component: {fileID: 64547745}
  m_Layer: 0
  m_Name: GameObject (10)
  m_TagString: Untagged
  m_Icon: {fileID: 0}
  m_NavMeshLayer: 0
  m_StaticEditorFlags: 0
  m_IsActive: 1
--- !u!4 &64547744
Transform:
  m_ObjectHideFlags: 0
  m_CorrespondingSourceObject: {fileID: 0}
  m_PrefabInstance: {fileID: 0}
  m_PrefabAsset: {fileID: 0}
  m_GameObject: {fileID: 64547743}
  m_LocalRotation: {x: 0, y: 0, z: 0, w: 1}
  m_LocalPosition: {x: -16.54, y: 0.77, z: -20.9}
  m_LocalScale: {x: 1, y: 1, z: 1}
  m_Children: []
  m_Father: {fileID: 7971725553345773813}
  m_RootOrder: 12
  m_LocalEulerAnglesHint: {x: 0, y: 0, z: 0}
--- !u!65 &64547745
BoxCollider:
  m_ObjectHideFlags: 0
  m_CorrespondingSourceObject: {fileID: 0}
  m_PrefabInstance: {fileID: 0}
  m_PrefabAsset: {fileID: 0}
  m_GameObject: {fileID: 64547743}
  m_Material: {fileID: 0}
  m_IsTrigger: 0
  m_Enabled: 1
  serializedVersion: 2
  m_Size: {x: 3.1424732, y: 1.7004994, z: 3.1208105}
  m_Center: {x: 0.2875477, y: -0.35024962, z: 0.1009214}
--- !u!1 &178321698
GameObject:
  m_ObjectHideFlags: 0
  m_CorrespondingSourceObject: {fileID: 0}
  m_PrefabInstance: {fileID: 0}
  m_PrefabAsset: {fileID: 0}
  serializedVersion: 6
  m_Component:
  - component: {fileID: 178321699}
  - component: {fileID: 178321700}
  m_Layer: 0
  m_Name: GameObject (3)
  m_TagString: Untagged
  m_Icon: {fileID: 0}
  m_NavMeshLayer: 0
  m_StaticEditorFlags: 0
  m_IsActive: 1
--- !u!4 &178321699
Transform:
  m_ObjectHideFlags: 0
  m_CorrespondingSourceObject: {fileID: 0}
  m_PrefabInstance: {fileID: 0}
  m_PrefabAsset: {fileID: 0}
  m_GameObject: {fileID: 178321698}
  m_LocalRotation: {x: 3.5527137e-15, y: -0.2249875, z: -0, w: 0.9743617}
  m_LocalPosition: {x: -0.111635014, y: -0.0000000065410193, z: 7.276871}
  m_LocalScale: {x: 1, y: 1, z: 1}
  m_Children: []
  m_Father: {fileID: 7971725553345773813}
  m_RootOrder: 3
  m_LocalEulerAnglesHint: {x: 0, y: -26.004002, z: 0}
--- !u!65 &178321700
BoxCollider:
  m_ObjectHideFlags: 0
  m_CorrespondingSourceObject: {fileID: 0}
  m_PrefabInstance: {fileID: 0}
  m_PrefabAsset: {fileID: 0}
  m_GameObject: {fileID: 178321698}
  m_Material: {fileID: 0}
  m_IsTrigger: 0
  m_Enabled: 1
  serializedVersion: 2
  m_Size: {x: 7.171609, y: 5.451172, z: 16.37227}
  m_Center: {x: -4.21709, y: 2.2255855, z: -7.686115}
--- !u!1 &242570644
GameObject:
  m_ObjectHideFlags: 0
  m_CorrespondingSourceObject: {fileID: 0}
  m_PrefabInstance: {fileID: 0}
  m_PrefabAsset: {fileID: 0}
  serializedVersion: 6
  m_Component:
  - component: {fileID: 242570645}
  - component: {fileID: 242570646}
  m_Layer: 0
  m_Name: GameObject (8)
  m_TagString: Untagged
  m_Icon: {fileID: 0}
  m_NavMeshLayer: 0
  m_StaticEditorFlags: 0
  m_IsActive: 1
--- !u!4 &242570645
Transform:
  m_ObjectHideFlags: 0
  m_CorrespondingSourceObject: {fileID: 0}
  m_PrefabInstance: {fileID: 0}
  m_PrefabAsset: {fileID: 0}
  m_GameObject: {fileID: 242570644}
  m_LocalRotation: {x: -0, y: -0, z: -0, w: 1}
  m_LocalPosition: {x: -6.71, y: 0.77, z: -10.57}
  m_LocalScale: {x: 1, y: 1, z: 1}
  m_Children: []
  m_Father: {fileID: 7971725553345773813}
  m_RootOrder: 10
  m_LocalEulerAnglesHint: {x: 0, y: 0, z: 0}
--- !u!65 &242570646
BoxCollider:
  m_ObjectHideFlags: 0
  m_CorrespondingSourceObject: {fileID: 0}
  m_PrefabInstance: {fileID: 0}
  m_PrefabAsset: {fileID: 0}
  m_GameObject: {fileID: 242570644}
  m_Material: {fileID: 0}
  m_IsTrigger: 0
  m_Enabled: 1
  serializedVersion: 2
  m_Size: {x: 3.1424732, y: 1.7004994, z: 3.1208105}
  m_Center: {x: 0.2875477, y: -0.35024962, z: 0.1009214}
--- !u!1 &299460656
GameObject:
  m_ObjectHideFlags: 0
  m_CorrespondingSourceObject: {fileID: 0}
  m_PrefabInstance: {fileID: 0}
  m_PrefabAsset: {fileID: 0}
  serializedVersion: 6
  m_Component:
  - component: {fileID: 299460657}
  - component: {fileID: 299460658}
  m_Layer: 0
  m_Name: GameObject (12)
  m_TagString: Untagged
  m_Icon: {fileID: 0}
  m_NavMeshLayer: 0
  m_StaticEditorFlags: 0
  m_IsActive: 1
--- !u!4 &299460657
Transform:
  m_ObjectHideFlags: 0
  m_CorrespondingSourceObject: {fileID: 0}
  m_PrefabInstance: {fileID: 0}
  m_PrefabAsset: {fileID: 0}
  m_GameObject: {fileID: 299460656}
  m_LocalRotation: {x: 0, y: 0, z: 0, w: 1}
  m_LocalPosition: {x: 9.26, y: 0.77, z: -29.07}
  m_LocalScale: {x: 1, y: 1, z: 1}
  m_Children: []
  m_Father: {fileID: 7971725553345773813}
  m_RootOrder: 14
  m_LocalEulerAnglesHint: {x: 0, y: 0, z: 0}
--- !u!65 &299460658
BoxCollider:
  m_ObjectHideFlags: 0
  m_CorrespondingSourceObject: {fileID: 0}
  m_PrefabInstance: {fileID: 0}
  m_PrefabAsset: {fileID: 0}
  m_GameObject: {fileID: 299460656}
  m_Material: {fileID: 0}
  m_IsTrigger: 0
  m_Enabled: 1
  serializedVersion: 2
  m_Size: {x: 0.8756662, y: 1.7004994, z: 2.1734629}
  m_Center: {x: 0.33747825, y: -0.35025096, z: -0.028502336}
--- !u!1 &438323991
GameObject:
  m_ObjectHideFlags: 0
  m_CorrespondingSourceObject: {fileID: 0}
  m_PrefabInstance: {fileID: 0}
  m_PrefabAsset: {fileID: 0}
  serializedVersion: 6
  m_Component:
  - component: {fileID: 438323992}
  - component: {fileID: 438323993}
  m_Layer: 0
  m_Name: GameObject (8)
  m_TagString: Untagged
  m_Icon: {fileID: 0}
  m_NavMeshLayer: 0
  m_StaticEditorFlags: 0
  m_IsActive: 1
--- !u!4 &438323992
Transform:
  m_ObjectHideFlags: 0
  m_CorrespondingSourceObject: {fileID: 0}
  m_PrefabInstance: {fileID: 0}
  m_PrefabAsset: {fileID: 0}
  m_GameObject: {fileID: 438323991}
  m_LocalRotation: {x: -1.7763568e-15, y: 0.17510006, z: 3.5527137e-15, w: 0.9845507}
  m_LocalPosition: {x: 13.99347, y: 0.76666135, z: -33.110695}
  m_LocalScale: {x: 1, y: 1, z: 1}
  m_Children: []
  m_Father: {fileID: 7971725553345773813}
  m_RootOrder: 16
  m_LocalEulerAnglesHint: {x: 0, y: 131.52501, z: 0}
--- !u!65 &438323993
BoxCollider:
  m_ObjectHideFlags: 0
  m_CorrespondingSourceObject: {fileID: 0}
  m_PrefabInstance: {fileID: 0}
  m_PrefabAsset: {fileID: 0}
  m_GameObject: {fileID: 438323991}
  m_Material: {fileID: 0}
  m_IsTrigger: 0
  m_Enabled: 1
  serializedVersion: 2
  m_Size: {x: 2.6945982, y: 1.7004994, z: 1.3124456}
  m_Center: {x: 0.0636122, y: -0.35024962, z: 0.030148426}
--- !u!1 &525539422
GameObject:
  m_ObjectHideFlags: 0
  m_CorrespondingSourceObject: {fileID: 0}
  m_PrefabInstance: {fileID: 0}
  m_PrefabAsset: {fileID: 0}
  serializedVersion: 6
  m_Component:
  - component: {fileID: 525539423}
  - component: {fileID: 525539424}
  m_Layer: 0
  m_Name: GameObject (13)
  m_TagString: Untagged
  m_Icon: {fileID: 0}
  m_NavMeshLayer: 0
  m_StaticEditorFlags: 0
  m_IsActive: 1
--- !u!4 &525539423
Transform:
  m_ObjectHideFlags: 0
  m_CorrespondingSourceObject: {fileID: 0}
  m_PrefabInstance: {fileID: 0}
  m_PrefabAsset: {fileID: 0}
  m_GameObject: {fileID: 525539422}
  m_LocalRotation: {x: -0, y: -0.13933913, z: 7.1054265e-15, w: 0.9902447}
  m_LocalPosition: {x: 18.46, y: -0, z: -28.625}
  m_LocalScale: {x: 1, y: 1, z: 1}
  m_Children: []
  m_Father: {fileID: 7971725553345773813}
  m_RootOrder: 19
  m_LocalEulerAnglesHint: {x: 0, y: -16.019001, z: 0}
--- !u!65 &525539424
BoxCollider:
  m_ObjectHideFlags: 0
  m_CorrespondingSourceObject: {fileID: 0}
  m_PrefabInstance: {fileID: 0}
  m_PrefabAsset: {fileID: 0}
  m_GameObject: {fileID: 525539422}
  m_Material: {fileID: 0}
  m_IsTrigger: 0
  m_Enabled: 1
  serializedVersion: 2
  m_Size: {x: 1, y: 1, z: 6.13499}
  m_Center: {x: 0.00000088295036, y: 5.9140586e-15, z: -0.65207666}
--- !u!1 &530513523
GameObject:
  m_ObjectHideFlags: 0
  m_CorrespondingSourceObject: {fileID: 0}
  m_PrefabInstance: {fileID: 0}
  m_PrefabAsset: {fileID: 0}
  serializedVersion: 6
  m_Component:
  - component: {fileID: 530513524}
  - component: {fileID: 530513525}
  m_Layer: 0
  m_Name: GameObject (2)
  m_TagString: Untagged
  m_Icon: {fileID: 0}
  m_NavMeshLayer: 0
  m_StaticEditorFlags: 0
  m_IsActive: 1
--- !u!4 &530513524
Transform:
  m_ObjectHideFlags: 0
  m_CorrespondingSourceObject: {fileID: 0}
  m_PrefabInstance: {fileID: 0}
  m_PrefabAsset: {fileID: 0}
  m_GameObject: {fileID: 530513523}
  m_LocalRotation: {x: -1.065814e-14, y: -0.20791194, z: -3.5527133e-15, w: 0.97814757}
  m_LocalPosition: {x: 9.267175, y: 0.000000011853557, z: 3.1215165}
  m_LocalScale: {x: 1, y: 1, z: 1}
  m_Children: []
  m_Father: {fileID: 7971725553345773813}
  m_RootOrder: 2
  m_LocalEulerAnglesHint: {x: 0, y: -24.000002, z: 0}
--- !u!65 &530513525
BoxCollider:
  m_ObjectHideFlags: 0
  m_CorrespondingSourceObject: {fileID: 0}
  m_PrefabInstance: {fileID: 0}
  m_PrefabAsset: {fileID: 0}
  m_GameObject: {fileID: 530513523}
  m_Material: {fileID: 0}
  m_IsTrigger: 0
  m_Enabled: 1
  serializedVersion: 2
  m_Size: {x: 3.5084324, y: 3.5586004, z: 10.086411}
  m_Center: {x: 0.6034009, y: 1.2792999, z: 2.3820424}
--- !u!1 &536008595
GameObject:
  m_ObjectHideFlags: 0
  m_CorrespondingSourceObject: {fileID: 0}
  m_PrefabInstance: {fileID: 0}
  m_PrefabAsset: {fileID: 0}
  serializedVersion: 6
  m_Component:
  - component: {fileID: 536008596}
  - component: {fileID: 536008597}
  m_Layer: 0
  m_Name: GameObject (11)
  m_TagString: Untagged
  m_Icon: {fileID: 0}
  m_NavMeshLayer: 0
  m_StaticEditorFlags: 0
  m_IsActive: 1
--- !u!4 &536008596
Transform:
  m_ObjectHideFlags: 0
  m_CorrespondingSourceObject: {fileID: 0}
  m_PrefabInstance: {fileID: 0}
  m_PrefabAsset: {fileID: 0}
  m_GameObject: {fileID: 536008595}
  m_LocalRotation: {x: 0, y: 0, z: 0, w: 1}
  m_LocalPosition: {x: -12.72, y: 0.77, z: -41.72}
  m_LocalScale: {x: 1, y: 1, z: 1}
  m_Children: []
  m_Father: {fileID: 7971725553345773813}
  m_RootOrder: 13
  m_LocalEulerAnglesHint: {x: 0, y: 0, z: 0}
--- !u!65 &536008597
BoxCollider:
  m_ObjectHideFlags: 0
  m_CorrespondingSourceObject: {fileID: 0}
  m_PrefabInstance: {fileID: 0}
  m_PrefabAsset: {fileID: 0}
  m_GameObject: {fileID: 536008595}
  m_Material: {fileID: 0}
  m_IsTrigger: 0
  m_Enabled: 1
  serializedVersion: 2
  m_Size: {x: 3.1424732, y: 1.7004994, z: 3.1208105}
  m_Center: {x: 0.2875477, y: -0.35024962, z: 0.1009214}
--- !u!1 &536745495
GameObject:
  m_ObjectHideFlags: 0
  m_CorrespondingSourceObject: {fileID: 0}
  m_PrefabInstance: {fileID: 0}
  m_PrefabAsset: {fileID: 0}
  serializedVersion: 6
  m_Component:
  - component: {fileID: 536745496}
  - component: {fileID: 536745497}
  m_Layer: 0
  m_Name: GameObject (13)
  m_TagString: Untagged
  m_Icon: {fileID: 0}
  m_NavMeshLayer: 0
  m_StaticEditorFlags: 0
  m_IsActive: 1
--- !u!4 &536745496
Transform:
  m_ObjectHideFlags: 0
  m_CorrespondingSourceObject: {fileID: 0}
  m_PrefabInstance: {fileID: 0}
  m_PrefabAsset: {fileID: 0}
  m_GameObject: {fileID: 536745495}
  m_LocalRotation: {x: 2.4868996e-14, y: 0.99176025, z: -1.4210855e-14, w: 0.12810811}
  m_LocalPosition: {x: -18.85, y: -0, z: -30.85}
  m_LocalScale: {x: 1, y: 1, z: 1}
  m_Children: []
  m_Father: {fileID: 7971725553345773813}
  m_RootOrder: 25
  m_LocalEulerAnglesHint: {x: 0, y: 165.279, z: 0}
--- !u!65 &536745497
BoxCollider:
  m_ObjectHideFlags: 0
  m_CorrespondingSourceObject: {fileID: 0}
  m_PrefabInstance: {fileID: 0}
  m_PrefabAsset: {fileID: 0}
  m_GameObject: {fileID: 536745495}
  m_Material: {fileID: 0}
  m_IsTrigger: 0
  m_Enabled: 1
  serializedVersion: 2
  m_Size: {x: 0.99999964, y: 1.14808, z: 7.891021}
  m_Center: {x: 0.000015535243, y: 0.074039765, z: -8.085866}
--- !u!1 &555358112
GameObject:
  m_ObjectHideFlags: 0
  m_CorrespondingSourceObject: {fileID: 0}
  m_PrefabInstance: {fileID: 0}
  m_PrefabAsset: {fileID: 0}
  serializedVersion: 6
  m_Component:
  - component: {fileID: 555358113}
  - component: {fileID: 555358114}
  m_Layer: 0
  m_Name: GameObject (12)
  m_TagString: Untagged
  m_Icon: {fileID: 0}
  m_NavMeshLayer: 0
  m_StaticEditorFlags: 0
  m_IsActive: 1
--- !u!4 &555358113
Transform:
  m_ObjectHideFlags: 0
  m_CorrespondingSourceObject: {fileID: 0}
  m_PrefabInstance: {fileID: 0}
  m_PrefabAsset: {fileID: 0}
  m_GameObject: {fileID: 555358112}
  m_LocalRotation: {x: 3.552714e-15, y: -0.26492962, z: 3.552714e-15, w: 0.9642678}
  m_LocalPosition: {x: -11.282, y: 0.77, z: -32.165}
  m_LocalScale: {x: 1, y: 1, z: 1}
  m_Children: []
  m_Father: {fileID: 7971725553345773813}
  m_RootOrder: 15
  m_LocalEulerAnglesHint: {x: 0, y: -30.726002, z: 0}
--- !u!65 &555358114
BoxCollider:
  m_ObjectHideFlags: 0
  m_CorrespondingSourceObject: {fileID: 0}
  m_PrefabInstance: {fileID: 0}
  m_PrefabAsset: {fileID: 0}
  m_GameObject: {fileID: 555358112}
  m_Material: {fileID: 0}
  m_IsTrigger: 0
  m_Enabled: 1
  serializedVersion: 2
  m_Size: {x: 0.8756662, y: 1.7004994, z: 2.1734629}
  m_Center: {x: 0.33747825, y: -0.35025096, z: -0.028502336}
--- !u!1 &688686933
GameObject:
  m_ObjectHideFlags: 0
  m_CorrespondingSourceObject: {fileID: 0}
  m_PrefabInstance: {fileID: 0}
  m_PrefabAsset: {fileID: 0}
  serializedVersion: 6
  m_Component:
  - component: {fileID: 688686934}
  - component: {fileID: 688686935}
  m_Layer: 0
  m_Name: GameObject (6)
  m_TagString: Untagged
  m_Icon: {fileID: 0}
  m_NavMeshLayer: 0
  m_StaticEditorFlags: 0
  m_IsActive: 1
--- !u!4 &688686934
Transform:
  m_ObjectHideFlags: 0
  m_CorrespondingSourceObject: {fileID: 0}
  m_PrefabInstance: {fileID: 0}
  m_PrefabAsset: {fileID: 0}
  m_GameObject: {fileID: 688686933}
  m_LocalRotation: {x: 0, y: 0, z: 0, w: 1}
  m_LocalPosition: {x: 5.616, y: -0, z: 2.84}
  m_LocalScale: {x: 1, y: 1, z: 1}
  m_Children: []
  m_Father: {fileID: 7971725553345773813}
  m_RootOrder: 6
  m_LocalEulerAnglesHint: {x: 0, y: 0, z: 0}
--- !u!65 &688686935
BoxCollider:
  m_ObjectHideFlags: 0
  m_CorrespondingSourceObject: {fileID: 0}
  m_PrefabInstance: {fileID: 0}
  m_PrefabAsset: {fileID: 0}
  m_GameObject: {fileID: 688686933}
  m_Material: {fileID: 0}
  m_IsTrigger: 0
  m_Enabled: 1
  serializedVersion: 2
  m_Size: {x: 0.51576716, y: 3.1999981, z: 1.2999587}
  m_Center: {x: -0.24212009, y: 1.1000046, z: 0.1499791}
--- !u!1 &716325790
GameObject:
  m_ObjectHideFlags: 0
  m_CorrespondingSourceObject: {fileID: 0}
  m_PrefabInstance: {fileID: 0}
  m_PrefabAsset: {fileID: 0}
  serializedVersion: 6
  m_Component:
  - component: {fileID: 716325791}
  - component: {fileID: 716325792}
  m_Layer: 0
  m_Name: GameObject (13)
  m_TagString: Untagged
  m_Icon: {fileID: 0}
  m_NavMeshLayer: 0
  m_StaticEditorFlags: 0
  m_IsActive: 1
--- !u!4 &716325791
Transform:
  m_ObjectHideFlags: 0
  m_CorrespondingSourceObject: {fileID: 0}
  m_PrefabInstance: {fileID: 0}
  m_PrefabAsset: {fileID: 0}
  m_GameObject: {fileID: 716325790}
  m_LocalRotation: {x: -0, y: -0.13933916, z: 3.5527133e-15, w: 0.99024475}
  m_LocalPosition: {x: 13.27, y: 0, z: -23.19}
  m_LocalScale: {x: 1, y: 1, z: 1}
  m_Children: []
  m_Father: {fileID: 7971725553345773813}
  m_RootOrder: 17
  m_LocalEulerAnglesHint: {x: 0, y: -16.019001, z: 0}
--- !u!65 &716325792
BoxCollider:
  m_ObjectHideFlags: 0
  m_CorrespondingSourceObject: {fileID: 0}
  m_PrefabInstance: {fileID: 0}
  m_PrefabAsset: {fileID: 0}
  m_GameObject: {fileID: 716325790}
  m_Material: {fileID: 0}
  m_IsTrigger: 0
  m_Enabled: 1
  serializedVersion: 2
  m_Size: {x: 1, y: 1, z: 2.9154208}
  m_Center: {x: 0.0000005755964, y: -6.914025e-15, z: 0.9577103}
--- !u!1 &746248279
GameObject:
  m_ObjectHideFlags: 0
  m_CorrespondingSourceObject: {fileID: 0}
  m_PrefabInstance: {fileID: 0}
  m_PrefabAsset: {fileID: 0}
  serializedVersion: 6
  m_Component:
  - component: {fileID: 746248280}
  - component: {fileID: 746248281}
  m_Layer: 0
  m_Name: GameObject (13)
  m_TagString: Untagged
  m_Icon: {fileID: 0}
  m_NavMeshLayer: 0
  m_StaticEditorFlags: 0
  m_IsActive: 1
--- !u!4 &746248280
Transform:
  m_ObjectHideFlags: 0
  m_CorrespondingSourceObject: {fileID: 0}
  m_PrefabInstance: {fileID: 0}
  m_PrefabAsset: {fileID: 0}
  m_GameObject: {fileID: 746248279}
  m_LocalRotation: {x: -8.881783e-15, y: 0.2170806, z: 1.4210853e-14, w: 0.9761537}
  m_LocalPosition: {x: 18.692, y: -0, z: -32.821}
  m_LocalScale: {x: 1, y: 1, z: 1}
  m_Children: []
  m_Father: {fileID: 7971725553345773813}
  m_RootOrder: 20
  m_LocalEulerAnglesHint: {x: 0, y: 25.075, z: 0}
--- !u!65 &746248281
BoxCollider:
  m_ObjectHideFlags: 0
  m_CorrespondingSourceObject: {fileID: 0}
  m_PrefabInstance: {fileID: 0}
  m_PrefabAsset: {fileID: 0}
  m_GameObject: {fileID: 746248279}
  m_Material: {fileID: 0}
  m_IsTrigger: 0
  m_Enabled: 1
  serializedVersion: 2
  m_Size: {x: 1, y: 1, z: 4.9668527}
  m_Center: {x: 0.000007511758, y: 2.5109306e-14, z: -0.5665737}
--- !u!1 &924481315
GameObject:
  m_ObjectHideFlags: 0
  m_CorrespondingSourceObject: {fileID: 0}
  m_PrefabInstance: {fileID: 0}
  m_PrefabAsset: {fileID: 0}
  serializedVersion: 6
  m_Component:
  - component: {fileID: 924481316}
  - component: {fileID: 924481317}
  m_Layer: 0
  m_Name: GameObject (13)
  m_TagString: Untagged
  m_Icon: {fileID: 0}
  m_NavMeshLayer: 0
  m_StaticEditorFlags: 0
  m_IsActive: 1
--- !u!4 &924481316
Transform:
  m_ObjectHideFlags: 0
  m_CorrespondingSourceObject: {fileID: 0}
  m_PrefabInstance: {fileID: 0}
  m_PrefabAsset: {fileID: 0}
  m_GameObject: {fileID: 924481315}
  m_LocalRotation: {x: 7.438493e-15, y: 0.53866696, z: 1.7763567e-14, w: 0.8425188}
  m_LocalPosition: {x: 5.18, y: -0, z: -41.88}
  m_LocalScale: {x: 1, y: 1, z: 1}
  m_Children: []
  m_Father: {fileID: 7971725553345773813}
  m_RootOrder: 22
  m_LocalEulerAnglesHint: {x: 0, y: 65.186005, z: 0}
--- !u!65 &924481317
BoxCollider:
  m_ObjectHideFlags: 0
  m_CorrespondingSourceObject: {fileID: 0}
  m_PrefabInstance: {fileID: 0}
  m_PrefabAsset: {fileID: 0}
  m_GameObject: {fileID: 924481315}
  m_Material: {fileID: 0}
  m_IsTrigger: 0
  m_Enabled: 1
  serializedVersion: 2
  m_Size: {x: 1, y: 1.1480799, z: 9.140008}
  m_Center: {x: 0.0000074849777, y: 0.07403977, z: -1.0824456}
--- !u!1 &1069798829
GameObject:
  m_ObjectHideFlags: 0
  m_CorrespondingSourceObject: {fileID: 0}
  m_PrefabInstance: {fileID: 0}
  m_PrefabAsset: {fileID: 0}
  serializedVersion: 6
  m_Component:
  - component: {fileID: 1069798830}
  - component: {fileID: 1069798831}
  m_Layer: 0
  m_Name: GameObject (8)
  m_TagString: Untagged
  m_Icon: {fileID: 0}
  m_NavMeshLayer: 0
  m_StaticEditorFlags: 0
  m_IsActive: 1
--- !u!4 &1069798830
Transform:
  m_ObjectHideFlags: 0
  m_CorrespondingSourceObject: {fileID: 0}
  m_PrefabInstance: {fileID: 0}
  m_PrefabAsset: {fileID: 0}
  m_GameObject: {fileID: 1069798829}
  m_LocalRotation: {x: 0, y: 0, z: 0, w: 1}
  m_LocalPosition: {x: 16.05, y: 0.77, z: -20.71}
  m_LocalScale: {x: 1, y: 1, z: 1}
  m_Children: []
  m_Father: {fileID: 7971725553345773813}
  m_RootOrder: 9
  m_LocalEulerAnglesHint: {x: 0, y: 0, z: 0}
--- !u!65 &1069798831
BoxCollider:
  m_ObjectHideFlags: 0
  m_CorrespondingSourceObject: {fileID: 0}
  m_PrefabInstance: {fileID: 0}
  m_PrefabAsset: {fileID: 0}
  m_GameObject: {fileID: 1069798829}
  m_Material: {fileID: 0}
  m_IsTrigger: 0
  m_Enabled: 1
  serializedVersion: 2
  m_Size: {x: 3.1424732, y: 1.7004994, z: 3.1208105}
  m_Center: {x: 0.2875477, y: -0.35024962, z: 0.1009214}
--- !u!1 &1164213270
GameObject:
  m_ObjectHideFlags: 0
  m_CorrespondingSourceObject: {fileID: 0}
  m_PrefabInstance: {fileID: 0}
  m_PrefabAsset: {fileID: 0}
  serializedVersion: 6
  m_Component:
  - component: {fileID: 1164213271}
  - component: {fileID: 1164213272}
  m_Layer: 0
  m_Name: GameObject (14)
  m_TagString: Untagged
  m_Icon: {fileID: 0}
  m_NavMeshLayer: 0
  m_StaticEditorFlags: 0
  m_IsActive: 1
--- !u!4 &1164213271
Transform:
  m_ObjectHideFlags: 0
  m_CorrespondingSourceObject: {fileID: 0}
  m_PrefabInstance: {fileID: 0}
  m_PrefabAsset: {fileID: 0}
  m_GameObject: {fileID: 1164213270}
  m_LocalRotation: {x: 3.5527133e-15, y: -0.42864975, z: -5.32907e-15, w: 0.9034708}
  m_LocalPosition: {x: 15.21, y: 0, z: -24.21}
  m_LocalScale: {x: 1, y: 1, z: 1}
  m_Children: []
  m_Father: {fileID: 7971725553345773813}
  m_RootOrder: 18
  m_LocalEulerAnglesHint: {x: 0, y: -50.764004, z: 0}
--- !u!65 &1164213272
BoxCollider:
  m_ObjectHideFlags: 0
  m_CorrespondingSourceObject: {fileID: 0}
  m_PrefabInstance: {fileID: 0}
  m_PrefabAsset: {fileID: 0}
  m_GameObject: {fileID: 1164213270}
  m_Material: {fileID: 0}
  m_IsTrigger: 0
  m_Enabled: 1
  serializedVersion: 2
  m_Size: {x: 1, y: 1, z: 6.0199823}
  m_Center: {x: 0.00000041388068, y: -1.0696634e-14, z: -0.5945708}
--- !u!1 &1201765118
GameObject:
  m_ObjectHideFlags: 0
  m_CorrespondingSourceObject: {fileID: 0}
  m_PrefabInstance: {fileID: 0}
  m_PrefabAsset: {fileID: 0}
  serializedVersion: 6
  m_Component:
  - component: {fileID: 1201765119}
  - component: {fileID: 1201765120}
  m_Layer: 0
  m_Name: GameObject (9)
  m_TagString: Untagged
  m_Icon: {fileID: 0}
  m_NavMeshLayer: 0
  m_StaticEditorFlags: 0
  m_IsActive: 1
--- !u!4 &1201765119
Transform:
  m_ObjectHideFlags: 0
  m_CorrespondingSourceObject: {fileID: 0}
  m_PrefabInstance: {fileID: 0}
  m_PrefabAsset: {fileID: 0}
  m_GameObject: {fileID: 1201765118}
  m_LocalRotation: {x: 0, y: 0, z: 0, w: 1}
  m_LocalPosition: {x: 4.38, y: 0.77, z: -34.51}
  m_LocalScale: {x: 1, y: 1, z: 1}
  m_Children: []
  m_Father: {fileID: 7971725553345773813}
  m_RootOrder: 11
  m_LocalEulerAnglesHint: {x: 0, y: 0, z: 0}
--- !u!65 &1201765120
BoxCollider:
  m_ObjectHideFlags: 0
  m_CorrespondingSourceObject: {fileID: 0}
  m_PrefabInstance: {fileID: 0}
  m_PrefabAsset: {fileID: 0}
  m_GameObject: {fileID: 1201765118}
  m_Material: {fileID: 0}
  m_IsTrigger: 0
  m_Enabled: 1
  serializedVersion: 2
  m_Size: {x: 2.0021386, y: 0.96487814, z: 1.8519261}
  m_Center: {x: 0.8577206, y: -0.7180684, z: 0.08784545}
--- !u!1 &1417196599
GameObject:
  m_ObjectHideFlags: 0
  m_CorrespondingSourceObject: {fileID: 0}
  m_PrefabInstance: {fileID: 0}
  m_PrefabAsset: {fileID: 0}
  serializedVersion: 6
  m_Component:
  - component: {fileID: 1417196600}
  - component: {fileID: 1417196601}
  m_Layer: 0
  m_Name: GameObject (1)
  m_TagString: Untagged
  m_Icon: {fileID: 0}
  m_NavMeshLayer: 0
  m_StaticEditorFlags: 0
  m_IsActive: 1
--- !u!4 &1417196600
Transform:
  m_ObjectHideFlags: 0
  m_CorrespondingSourceObject: {fileID: 0}
  m_PrefabInstance: {fileID: 0}
  m_PrefabAsset: {fileID: 0}
  m_GameObject: {fileID: 1417196599}
  m_LocalRotation: {x: -3.5527137e-15, y: -0.2872526, z: -0, w: 0.95785487}
  m_LocalPosition: {x: 13.500065, y: 2.2105772e-12, z: 0.000015894575}
  m_LocalScale: {x: 1, y: 1, z: 1}
  m_Children: []
  m_Father: {fileID: 7971725553345773813}
  m_RootOrder: 1
  m_LocalEulerAnglesHint: {x: 0, y: -33.387, z: 0}
--- !u!65 &1417196601
BoxCollider:
  m_ObjectHideFlags: 0
  m_CorrespondingSourceObject: {fileID: 0}
  m_PrefabInstance: {fileID: 0}
  m_PrefabAsset: {fileID: 0}
  m_GameObject: {fileID: 1417196599}
  m_Material: {fileID: 0}
  m_IsTrigger: 0
  m_Enabled: 1
  serializedVersion: 2
  m_Size: {x: 1.3260522, y: 1.3802472, z: 8.526341}
  m_Center: {x: -0.37515274, y: 0.1901234, z: 2.444727}
--- !u!1 &1444814163
GameObject:
  m_ObjectHideFlags: 0
  m_CorrespondingSourceObject: {fileID: 0}
  m_PrefabInstance: {fileID: 0}
  m_PrefabAsset: {fileID: 0}
  serializedVersion: 6
  m_Component:
  - component: {fileID: 1444814164}
  - component: {fileID: 1444814165}
  m_Layer: 0
  m_Name: GameObject (4)
  m_TagString: Untagged
  m_Icon: {fileID: 0}
  m_NavMeshLayer: 0
  m_StaticEditorFlags: 0
  m_IsActive: 1
--- !u!4 &1444814164
Transform:
  m_ObjectHideFlags: 0
  m_CorrespondingSourceObject: {fileID: 0}
  m_PrefabInstance: {fileID: 0}
  m_PrefabAsset: {fileID: 0}
  m_GameObject: {fileID: 1444814163}
  m_LocalRotation: {x: -3.5527133e-15, y: -0.20551234, z: -3.5527133e-15, w: 0.9786545}
  m_LocalPosition: {x: 4.96, y: -0.21, z: -0.83}
  m_LocalScale: {x: 1, y: 1, z: 1}
  m_Children: []
  m_Father: {fileID: 7971725553345773813}
  m_RootOrder: 4
  m_LocalEulerAnglesHint: {x: 0, y: -23.719002, z: 0}
--- !u!65 &1444814165
BoxCollider:
  m_ObjectHideFlags: 0
  m_CorrespondingSourceObject: {fileID: 0}
  m_PrefabInstance: {fileID: 0}
  m_PrefabAsset: {fileID: 0}
  m_GameObject: {fileID: 1444814163}
  m_Material: {fileID: 0}
  m_IsTrigger: 0
  m_Enabled: 1
  serializedVersion: 2
  m_Size: {x: 2.8891077, y: 5.0546393, z: 5.5055294}
  m_Center: {x: -0.9445614, y: 2.027331, z: -2.0301583}
--- !u!1 &1462115180
GameObject:
  m_ObjectHideFlags: 0
  m_CorrespondingSourceObject: {fileID: 0}
  m_PrefabInstance: {fileID: 0}
  m_PrefabAsset: {fileID: 0}
  serializedVersion: 6
  m_Component:
  - component: {fileID: 1462115181}
  - component: {fileID: 1462115182}
  m_Layer: 0
  m_Name: GameObject (13)
  m_TagString: Untagged
  m_Icon: {fileID: 0}
  m_NavMeshLayer: 0
  m_StaticEditorFlags: 0
  m_IsActive: 1
--- !u!4 &1462115181
Transform:
  m_ObjectHideFlags: 0
  m_CorrespondingSourceObject: {fileID: 0}
  m_PrefabInstance: {fileID: 0}
  m_PrefabAsset: {fileID: 0}
  m_GameObject: {fileID: 1462115180}
  m_LocalRotation: {x: -3.5527137e-15, y: 0.8309341, z: -7.1054274e-15, w: 0.55637085}
  m_LocalPosition: {x: -6.53, y: -0, z: -44.09}
  m_LocalScale: {x: 1, y: 1, z: 1}
  m_Children: []
  m_Father: {fileID: 7971725553345773813}
  m_RootOrder: 23
  m_LocalEulerAnglesHint: {x: 0, y: 112.39001, z: 0}
--- !u!65 &1462115182
BoxCollider:
  m_ObjectHideFlags: 0
  m_CorrespondingSourceObject: {fileID: 0}
  m_PrefabInstance: {fileID: 0}
  m_PrefabAsset: {fileID: 0}
  m_GameObject: {fileID: 1462115180}
  m_Material: {fileID: 0}
  m_IsTrigger: 0
  m_Enabled: 1
  serializedVersion: 2
  m_Size: {x: 0.99999964, y: 1.14808, z: 6.57679}
  m_Center: {x: 0.000012289576, y: 0.074039765, z: -2.3640556}
--- !u!1 &1474741465
GameObject:
  m_ObjectHideFlags: 0
  m_CorrespondingSourceObject: {fileID: 0}
  m_PrefabInstance: {fileID: 0}
  m_PrefabAsset: {fileID: 0}
  serializedVersion: 6
  m_Component:
  - component: {fileID: 1474741466}
  - component: {fileID: 1474741467}
  m_Layer: 0
  m_Name: GameObject (13)
  m_TagString: Untagged
  m_Icon: {fileID: 0}
  m_NavMeshLayer: 0
  m_StaticEditorFlags: 0
  m_IsActive: 1
--- !u!4 &1474741466
Transform:
  m_ObjectHideFlags: 0
  m_CorrespondingSourceObject: {fileID: 0}
  m_PrefabInstance: {fileID: 0}
  m_PrefabAsset: {fileID: 0}
  m_GameObject: {fileID: 1474741465}
  m_LocalRotation: {x: 1.3322675e-15, y: 0.5035006, z: 2.131628e-14, w: 0.8639949}
  m_LocalPosition: {x: 14.816, y: -0, z: -36.701}
  m_LocalScale: {x: 1, y: 1, z: 1}
  m_Children: []
  m_Father: {fileID: 7971725553345773813}
  m_RootOrder: 21
  m_LocalEulerAnglesHint: {x: 0, y: 60.464005, z: 0}
--- !u!65 &1474741467
BoxCollider:
  m_ObjectHideFlags: 0
  m_CorrespondingSourceObject: {fileID: 0}
  m_PrefabInstance: {fileID: 0}
  m_PrefabAsset: {fileID: 0}
  m_GameObject: {fileID: 1474741465}
  m_Material: {fileID: 0}
  m_IsTrigger: 0
  m_Enabled: 1
  serializedVersion: 2
  m_Size: {x: 1, y: 1.1480799, z: 9.140008}
  m_Center: {x: 0.0000074849777, y: 0.07403977, z: -1.0824456}
--- !u!1 &1638421740
GameObject:
  m_ObjectHideFlags: 0
  m_CorrespondingSourceObject: {fileID: 0}
  m_PrefabInstance: {fileID: 0}
  m_PrefabAsset: {fileID: 0}
  serializedVersion: 6
  m_Component:
  - component: {fileID: 1638421741}
  - component: {fileID: 1638421742}
  m_Layer: 0
  m_Name: GameObject
  m_TagString: Untagged
  m_Icon: {fileID: 0}
  m_NavMeshLayer: 0
  m_StaticEditorFlags: 0
  m_IsActive: 1
--- !u!4 &1638421741
Transform:
  m_ObjectHideFlags: 0
  m_CorrespondingSourceObject: {fileID: 0}
  m_PrefabInstance: {fileID: 0}
  m_PrefabAsset: {fileID: 0}
  m_GameObject: {fileID: 1638421740}
  m_LocalRotation: {x: -1.0658141e-14, y: -0.25067362, z: 3.5527137e-15, w: 0.9680717}
  m_LocalPosition: {x: 12.23001, y: -0.0000000093679215, z: -2.090003}
  m_LocalScale: {x: 1, y: 1, z: 1}
  m_Children: []
  m_Father: {fileID: 7971725553345773813}
  m_RootOrder: 0
  m_LocalEulerAnglesHint: {x: 0, y: -29.035002, z: 0}
--- !u!65 &1638421742
BoxCollider:
  m_ObjectHideFlags: 0
  m_CorrespondingSourceObject: {fileID: 0}
  m_PrefabInstance: {fileID: 0}
  m_PrefabAsset: {fileID: 0}
  m_GameObject: {fileID: 1638421740}
  m_Material: {fileID: 0}
  m_IsTrigger: 0
  m_Enabled: 1
  serializedVersion: 2
  m_Size: {x: 4.09679, y: 1, z: 4.96664}
  m_Center: {x: -0.25873438, y: 1.1090035e-14, z: 0.111795105}
--- !u!1 &1686415062
GameObject:
  m_ObjectHideFlags: 0
  m_CorrespondingSourceObject: {fileID: 0}
  m_PrefabInstance: {fileID: 0}
  m_PrefabAsset: {fileID: 0}
  serializedVersion: 6
  m_Component:
  - component: {fileID: 1686415063}
  - component: {fileID: 1686415064}
  m_Layer: 0
  m_Name: GameObject (6)
  m_TagString: Untagged
  m_Icon: {fileID: 0}
  m_NavMeshLayer: 0
  m_StaticEditorFlags: 0
  m_IsActive: 1
--- !u!4 &1686415063
Transform:
  m_ObjectHideFlags: 0
  m_CorrespondingSourceObject: {fileID: 0}
  m_PrefabInstance: {fileID: 0}
  m_PrefabAsset: {fileID: 0}
  m_GameObject: {fileID: 1686415062}
  m_LocalRotation: {x: 3.5527137e-15, y: -0.2947276, z: -0, w: 0.95558137}
  m_LocalPosition: {x: 8.197, y: 0, z: 3.824}
  m_LocalScale: {x: 1, y: 1, z: 1}
  m_Children: []
  m_Father: {fileID: 7971725553345773813}
  m_RootOrder: 7
  m_LocalEulerAnglesHint: {x: 0, y: -34.282, z: 0}
--- !u!65 &1686415064
BoxCollider:
  m_ObjectHideFlags: 0
  m_CorrespondingSourceObject: {fileID: 0}
  m_PrefabInstance: {fileID: 0}
  m_PrefabAsset: {fileID: 0}
  m_GameObject: {fileID: 1686415062}
  m_Material: {fileID: 0}
  m_IsTrigger: 0
  m_Enabled: 1
  serializedVersion: 2
  m_Size: {x: 0.51576716, y: 3.1999981, z: 1.2999587}
  m_Center: {x: -0.24212009, y: 1.1000046, z: 0.1499791}
--- !u!1 &1804359270
GameObject:
  m_ObjectHideFlags: 0
  m_CorrespondingSourceObject: {fileID: 0}
  m_PrefabInstance: {fileID: 0}
  m_PrefabAsset: {fileID: 0}
  serializedVersion: 6
  m_Component:
  - component: {fileID: 1804359271}
  - component: {fileID: 1804359272}
  m_Layer: 0
  m_Name: GameObject (13)
  m_TagString: Untagged
  m_Icon: {fileID: 0}
  m_NavMeshLayer: 0
  m_StaticEditorFlags: 0
  m_IsActive: 1
--- !u!4 &1804359271
Transform:
  m_ObjectHideFlags: 0
  m_CorrespondingSourceObject: {fileID: 0}
  m_PrefabInstance: {fileID: 0}
  m_PrefabAsset: {fileID: 0}
  m_GameObject: {fileID: 1804359270}
  m_LocalRotation: {x: 7.1054265e-15, y: 0.84041506, z: 7.77156e-16, w: -0.5419433}
  m_LocalPosition: {x: -22.112402, y: -0.00000007870539, z: -11.661875}
  m_LocalScale: {x: 1, y: 1, z: 1}
  m_Children: []
  m_Father: {fileID: 7971725553345773813}
  m_RootOrder: 27
  m_LocalEulerAnglesHint: {x: 0, y: 245.63199, z: 0}
--- !u!65 &1804359272
BoxCollider:
  m_ObjectHideFlags: 0
  m_CorrespondingSourceObject: {fileID: 0}
  m_PrefabInstance: {fileID: 0}
  m_PrefabAsset: {fileID: 0}
  m_GameObject: {fileID: 1804359270}
  m_Material: {fileID: 0}
  m_IsTrigger: 0
  m_Enabled: 1
  serializedVersion: 2
  m_Size: {x: 0.99999964, y: 1.14808, z: 5.7529807}
  m_Center: {x: 0.000041067484, y: 0.074039765, z: -8.237716}
--- !u!1 &1828055592
GameObject:
  m_ObjectHideFlags: 0
  m_CorrespondingSourceObject: {fileID: 0}
  m_PrefabInstance: {fileID: 0}
  m_PrefabAsset: {fileID: 0}
  serializedVersion: 6
  m_Component:
  - component: {fileID: 1828055593}
  - component: {fileID: 1828055594}
  m_Layer: 0
  m_Name: GameObject (13)
  m_TagString: Untagged
  m_Icon: {fileID: 0}
  m_NavMeshLayer: 0
  m_StaticEditorFlags: 0
  m_IsActive: 1
--- !u!4 &1828055593
Transform:
  m_ObjectHideFlags: 0
  m_CorrespondingSourceObject: {fileID: 0}
  m_PrefabInstance: {fileID: 0}
  m_PrefabAsset: {fileID: 0}
  m_GameObject: {fileID: 1828055592}
  m_LocalRotation: {x: -0, y: 0.961714, z: -2.1316282e-14, w: 0.27405515}
  m_LocalPosition: {x: -12.78, y: 0, z: -41.24}
  m_LocalScale: {x: 1, y: 1, z: 1}
  m_Children: []
  m_Father: {fileID: 7971725553345773813}
  m_RootOrder: 24
  m_LocalEulerAnglesHint: {x: 0, y: 148.18901, z: 0}
--- !u!65 &1828055594
BoxCollider:
  m_ObjectHideFlags: 0
  m_CorrespondingSourceObject: {fileID: 0}
  m_PrefabInstance: {fileID: 0}
  m_PrefabAsset: {fileID: 0}
  m_GameObject: {fileID: 1828055592}
  m_Material: {fileID: 0}
  m_IsTrigger: 0
  m_Enabled: 1
  serializedVersion: 2
  m_Size: {x: 0.99999964, y: 1.14808, z: 12.287347}
  m_Center: {x: 0.000011190013, y: 0.07403977, z: -5.219342}
--- !u!1 &1992394152
GameObject:
  m_ObjectHideFlags: 0
  m_CorrespondingSourceObject: {fileID: 0}
  m_PrefabInstance: {fileID: 0}
  m_PrefabAsset: {fileID: 0}
  serializedVersion: 6
  m_Component:
  - component: {fileID: 1992394153}
  - component: {fileID: 1992394154}
  m_Layer: 0
  m_Name: GameObject (5)
  m_TagString: Untagged
  m_Icon: {fileID: 0}
  m_NavMeshLayer: 0
  m_StaticEditorFlags: 0
  m_IsActive: 1
--- !u!4 &1992394153
Transform:
  m_ObjectHideFlags: 0
  m_CorrespondingSourceObject: {fileID: 0}
  m_PrefabInstance: {fileID: 0}
  m_PrefabAsset: {fileID: 0}
  m_GameObject: {fileID: 1992394152}
  m_LocalRotation: {x: 3.552714e-15, y: -0.21687485, z: -0, w: 0.97619945}
  m_LocalPosition: {x: 4.448265, y: -0.0000000054691576, z: 2.6086888}
  m_LocalScale: {x: 1, y: 1, z: 1}
  m_Children: []
  m_Father: {fileID: 7971725553345773813}
  m_RootOrder: 5
  m_LocalEulerAnglesHint: {x: 0, y: -25.051, z: 0}
--- !u!65 &1992394154
BoxCollider:
  m_ObjectHideFlags: 0
  m_CorrespondingSourceObject: {fileID: 0}
  m_PrefabInstance: {fileID: 0}
  m_PrefabAsset: {fileID: 0}
  m_GameObject: {fileID: 1992394152}
  m_Material: {fileID: 0}
  m_IsTrigger: 0
  m_Enabled: 1
  serializedVersion: 2
  m_Size: {x: 8.1059265, y: 5.268821, z: 6.441478}
  m_Center: {x: 0.19506636, y: 2.1344097, z: 2.7207215}
--- !u!1 &2029626454
GameObject:
  m_ObjectHideFlags: 0
  m_CorrespondingSourceObject: {fileID: 0}
  m_PrefabInstance: {fileID: 0}
  m_PrefabAsset: {fileID: 0}
  serializedVersion: 6
  m_Component:
  - component: {fileID: 2029626455}
  - component: {fileID: 2029626456}
  m_Layer: 0
  m_Name: GameObject (13)
  m_TagString: Untagged
  m_Icon: {fileID: 0}
  m_NavMeshLayer: 0
  m_StaticEditorFlags: 0
  m_IsActive: 1
--- !u!4 &2029626455
Transform:
  m_ObjectHideFlags: 0
  m_CorrespondingSourceObject: {fileID: 0}
  m_PrefabInstance: {fileID: 0}
  m_PrefabAsset: {fileID: 0}
  m_GameObject: {fileID: 2029626454}
  m_LocalRotation: {x: 2.1316284e-14, y: 0.99772984, z: -0, w: 0.067344405}
  m_LocalPosition: {x: -17.87, y: -0, z: -36.81}
  m_LocalScale: {x: 1, y: 1, z: 1}
  m_Children: []
  m_Father: {fileID: 7971725553345773813}
  m_RootOrder: 29
  m_LocalEulerAnglesHint: {x: 0, y: 172.27701, z: 0}
--- !u!65 &2029626456
BoxCollider:
  m_ObjectHideFlags: 0
  m_CorrespondingSourceObject: {fileID: 0}
  m_PrefabInstance: {fileID: 0}
  m_PrefabAsset: {fileID: 0}
  m_GameObject: {fileID: 2029626454}
  m_Material: {fileID: 0}
  m_IsTrigger: 0
  m_Enabled: 1
  serializedVersion: 2
  m_Size: {x: 0.9999997, y: 1.14808, z: 3.4036236}
  m_Center: {x: 0.000011442143, y: 0.074039765, z: -6.608651}
--- !u!1 &2067483717
GameObject:
  m_ObjectHideFlags: 0
  m_CorrespondingSourceObject: {fileID: 0}
  m_PrefabInstance: {fileID: 0}
  m_PrefabAsset: {fileID: 0}
  serializedVersion: 6
  m_Component:
  - component: {fileID: 2067483718}
  - component: {fileID: 2067483719}
  m_Layer: 0
  m_Name: GameObject (13)
  m_TagString: Untagged
  m_Icon: {fileID: 0}
  m_NavMeshLayer: 0
  m_StaticEditorFlags: 0
  m_IsActive: 1
--- !u!4 &2067483718
Transform:
  m_ObjectHideFlags: 0
  m_CorrespondingSourceObject: {fileID: 0}
  m_PrefabInstance: {fileID: 0}
  m_PrefabAsset: {fileID: 0}
  m_GameObject: {fileID: 2067483717}
  m_LocalRotation: {x: 2.842171e-14, y: 0.9700408, z: 8.881784e-15, w: -0.24294224}
  m_LocalPosition: {x: -22.788916, y: 0.00000006868087, z: -20.10675}
  m_LocalScale: {x: 1, y: 1, z: 1}
  m_Children: []
  m_Father: {fileID: 7971725553345773813}
  m_RootOrder: 26
  m_LocalEulerAnglesHint: {x: 0, y: 208.12099, z: 0}
--- !u!65 &2067483719
BoxCollider:
  m_ObjectHideFlags: 0
  m_CorrespondingSourceObject: {fileID: 0}
  m_PrefabInstance: {fileID: 0}
  m_PrefabAsset: {fileID: 0}
  m_GameObject: {fileID: 2067483717}
  m_Material: {fileID: 0}
  m_IsTrigger: 0
  m_Enabled: 1
  serializedVersion: 2
  m_Size: {x: 0.9999997, y: 1.14808, z: 10.069318}
  m_Center: {x: 0.00004114875, y: 0.07403977, z: -6.9967856}
--- !u!1 &2118049582
GameObject:
  m_ObjectHideFlags: 0
  m_CorrespondingSourceObject: {fileID: 0}
  m_PrefabInstance: {fileID: 0}
  m_PrefabAsset: {fileID: 0}
  serializedVersion: 6
  m_Component:
  - component: {fileID: 2118049583}
  - component: {fileID: 2118049584}
  m_Layer: 0
  m_Name: GameObject (13)
  m_TagString: Untagged
  m_Icon: {fileID: 0}
  m_NavMeshLayer: 0
  m_StaticEditorFlags: 0
  m_IsActive: 1
--- !u!4 &2118049583
Transform:
  m_ObjectHideFlags: 0
  m_CorrespondingSourceObject: {fileID: 0}
  m_PrefabInstance: {fileID: 0}
  m_PrefabAsset: {fileID: 0}
  m_GameObject: {fileID: 2118049582}
  m_LocalRotation: {x: -7.1054274e-15, y: 0.5972523, z: 5.3290705e-15, w: -0.80205345}
  m_LocalPosition: {x: -18.36, y: 0, z: -5.56}
  m_LocalScale: {x: 1, y: 1, z: 1}
  m_Children: []
  m_Father: {fileID: 7971725553345773813}
  m_RootOrder: 28
  m_LocalEulerAnglesHint: {x: 0, y: 286.653, z: 0}
--- !u!65 &2118049584
BoxCollider:
  m_ObjectHideFlags: 0
  m_CorrespondingSourceObject: {fileID: 0}
  m_PrefabInstance: {fileID: 0}
  m_PrefabAsset: {fileID: 0}
  m_GameObject: {fileID: 2118049582}
  m_Material: {fileID: 0}
  m_IsTrigger: 0
  m_Enabled: 1
  serializedVersion: 2
  m_Size: {x: 0.99999964, y: 1.14808, z: 5.7529807}
  m_Center: {x: 0.000041067484, y: 0.074039765, z: -8.237716}
--- !u!1 &2142613816
GameObject:
  m_ObjectHideFlags: 0
  m_CorrespondingSourceObject: {fileID: 0}
  m_PrefabInstance: {fileID: 0}
  m_PrefabAsset: {fileID: 0}
  serializedVersion: 6
  m_Component:
  - component: {fileID: 2142613817}
  - component: {fileID: 2142613818}
  m_Layer: 0
  m_Name: GameObject (7)
  m_TagString: Untagged
  m_Icon: {fileID: 0}
  m_NavMeshLayer: 0
  m_StaticEditorFlags: 0
  m_IsActive: 1
--- !u!4 &2142613817
Transform:
  m_ObjectHideFlags: 0
  m_CorrespondingSourceObject: {fileID: 0}
  m_PrefabInstance: {fileID: 0}
  m_PrefabAsset: {fileID: 0}
  m_GameObject: {fileID: 2142613816}
  m_LocalRotation: {x: 3.5527133e-15, y: 0.28191692, z: 3.5527133e-15, w: 0.95943886}
  m_LocalPosition: {x: 1.625, y: -0, z: -9.727}
  m_LocalScale: {x: 1, y: 1, z: 1}
  m_Children: []
  m_Father: {fileID: 7971725553345773813}
  m_RootOrder: 8
  m_LocalEulerAnglesHint: {x: 0, y: 32.749, z: 0}
--- !u!65 &2142613818
BoxCollider:
  m_ObjectHideFlags: 0
  m_CorrespondingSourceObject: {fileID: 0}
  m_PrefabInstance: {fileID: 0}
  m_PrefabAsset: {fileID: 0}
  m_GameObject: {fileID: 2142613816}
  m_Material: {fileID: 0}
  m_IsTrigger: 0
  m_Enabled: 1
  serializedVersion: 2
  m_Size: {x: 2.0856323, y: 4.0896025, z: 0.5463087}
  m_Center: {x: 0.542816, y: 1.544801, z: 0.2268469}
--- !u!1001 &7971725553345649269
PrefabInstance:
  m_ObjectHideFlags: 0
  serializedVersion: 2
  m_Modification:
    m_TransformParent: {fileID: 0}
    m_Modifications:
    - target: {fileID: 100000, guid: 0097d7b5709bf24449299cc9dcbe7da6, type: 3}
      propertyPath: m_Name
      value: Granja
      objectReference: {fileID: 0}
    - target: {fileID: 400000, guid: 0097d7b5709bf24449299cc9dcbe7da6, type: 3}
      propertyPath: m_LocalPosition.x
      value: 168.04974
      objectReference: {fileID: 0}
    - target: {fileID: 400000, guid: 0097d7b5709bf24449299cc9dcbe7da6, type: 3}
      propertyPath: m_LocalPosition.y
      value: 0.4
      objectReference: {fileID: 0}
    - target: {fileID: 400000, guid: 0097d7b5709bf24449299cc9dcbe7da6, type: 3}
      propertyPath: m_LocalPosition.z
      value: 31.857721
      objectReference: {fileID: 0}
    - target: {fileID: 400000, guid: 0097d7b5709bf24449299cc9dcbe7da6, type: 3}
      propertyPath: m_LocalRotation.x
      value: 0.000000045931106
      objectReference: {fileID: 0}
    - target: {fileID: 400000, guid: 0097d7b5709bf24449299cc9dcbe7da6, type: 3}
      propertyPath: m_LocalRotation.y
      value: 0.8258797
      objectReference: {fileID: 0}
    - target: {fileID: 400000, guid: 0097d7b5709bf24449299cc9dcbe7da6, type: 3}
      propertyPath: m_LocalRotation.z
      value: -0.000000067276396
      objectReference: {fileID: 0}
    - target: {fileID: 400000, guid: 0097d7b5709bf24449299cc9dcbe7da6, type: 3}
      propertyPath: m_LocalRotation.w
      value: 0.5638464
      objectReference: {fileID: 0}
    - target: {fileID: 400000, guid: 0097d7b5709bf24449299cc9dcbe7da6, type: 3}
      propertyPath: m_RootOrder
      value: 0
      objectReference: {fileID: 0}
    - target: {fileID: 400000, guid: 0097d7b5709bf24449299cc9dcbe7da6, type: 3}
      propertyPath: m_LocalEulerAnglesHint.x
      value: 0
      objectReference: {fileID: 0}
    - target: {fileID: 400000, guid: 0097d7b5709bf24449299cc9dcbe7da6, type: 3}
      propertyPath: m_LocalEulerAnglesHint.y
      value: 0
      objectReference: {fileID: 0}
    - target: {fileID: 400000, guid: 0097d7b5709bf24449299cc9dcbe7da6, type: 3}
      propertyPath: m_LocalEulerAnglesHint.z
      value: 0
      objectReference: {fileID: 0}
    m_RemovedComponents: []
  m_SourcePrefab: {fileID: 100100000, guid: 0097d7b5709bf24449299cc9dcbe7da6, type: 3}
--- !u!4 &7971725553345773813 stripped
Transform:
  m_CorrespondingSourceObject: {fileID: 400000, guid: 0097d7b5709bf24449299cc9dcbe7da6,
    type: 3}
  m_PrefabInstance: {fileID: 7971725553345649269}
  m_PrefabAsset: {fileID: 0}
